%% This BibTeX bibliography file was created using BibDesk.
%% http://bibdesk.sourceforge.net/

%% Created for Caterina at 2016-06-02 12:43:10 +0200 


%% Saved with string encoding Unicode (UTF-8) 



@article{marr1980theory,
	Author = {Marr, David and Hildreth, Ellen},
	Date-Added = {2016-06-02 10:41:19 +0000},
	Date-Modified = {2016-06-02 10:41:19 +0000},
	Journal = {Proceedings of the Royal Society of London B: Biological Sciences},
	Number = {1167},
	Pages = {187--217},
	Publisher = {The Royal Society},
	Title = {Theory of edge detection},
	Volume = {207},
	Year = {1980}}

@article{snippe1996parameter,
	Author = {Snippe, Herman P},
	Date-Added = {2016-06-02 10:37:40 +0000},
	Date-Modified = {2016-06-02 10:37:40 +0000},
	Journal = {Neural Computation},
	Number = {3},
	Pages = {511--529},
	Publisher = {MIT Press},
	Title = {Parameter extraction from population codes: A critical assessment},
	Volume = {8},
	Year = {1996}}

@article{softky1993highly,
	Author = {Softky, William R and Koch, Christof},
	Date-Added = {2016-06-02 10:32:54 +0000},
	Date-Modified = {2016-06-02 10:32:54 +0000},
	Journal = {The Journal of Neuroscience},
	Number = {1},
	Pages = {334--350},
	Publisher = {Soc Neuroscience},
	Title = {The highly irregular firing of cortical cells is inconsistent with temporal integration of random EPSPs},
	Volume = {13},
	Year = {1993}}

@article{hubel1962receptive,
	Author = {Hubel, David H and Wiesel, Torsten N},
	Date-Added = {2016-06-02 10:07:07 +0000},
	Date-Modified = {2016-06-02 10:07:07 +0000},
	Journal = {The Journal of physiology},
	Number = {1},
	Pages = {106--154},
	Publisher = {Wiley Online Library},
	Title = {Receptive fields, binocular interaction and functional architecture in the cat's visual cortex},
	Volume = {160},
	Year = {1962}}
